@misc{lundberg2019consistent,
      title={Consistent Individualized Feature Attribution for Tree Ensembles}, 
      author={Scott M. Lundberg and Gabriel G. Erion and Su-In Lee},
      year={2019},
      eprint={1802.03888},
      archivePrefix={arXiv},
      primaryClass={cs.LG}
}